@MastersThesis{anja2014,
  author  = {Anja Moser},
  title   = {State of the art of backfill technology in underground mining excavations},
  school  = {Montanuniversität Leoben},
  year    = {2014},
  type    = {Diplomarbeit},
  address = {A-8700 LEOBEN, Franz Josef Straße 18},
  month   = dec,
}

@Article{bhm2017,
  author  = {Maximilian Schall and Anja Moser},
  title   = {Analyse eines bindemittelhaltigen Pumpversatzes},
  journal = {Berg- und Hüttenmännische Monatshefte},
  year    = {2017},
}

@Article{bhm2016,
  author  = {Anja Moser},
  title   = {Stand der Technik der Versatztechnologie im untertägigen Bergbau},
  journal = {Berg- und Hüttenmännische Monatshefte},
  year    = {2017},
}

@Article{bhm2013,
  author  = {Wolfgang Hohl and Thomas Frömmer},
  title   = {Die Versatzrichtlinie des BVÖ: ein Leitfaden
für die zeitgemäße Planung eines Versatzsystems},
  journal = {Berg- und Hüttenmännische Monatshefte},
  year    = {2013},
}

@Book{wort2013,
  title     = {Wörterbuch GeoTechnik/Dictionary Geotechnical Engineering},
  publisher = {Springer, Berlin, Heidelberg},
  year      = {2013},
  author    = {Helmut Herrmann and Herbert Bucksch},
}

@Book{bergwort,
  title     = {Bergmännisches Handwörterbuch},
  subtitle = {für Fachausdrücke im Salzbergbau- und Sudhüttenwesen},
  publisher = {Eigenverlag H. Fellner},
  location = {Wien},
  year = {1999},
  author = {Alois Fellner},
}

@misc{kohle88,
  title       = {Verfüllung des {B}ruchhohlraumes und anderer abgeworfener {G}rubenbaue mit {F}lugasche und anderen feinkörnigen {A}bfallprdukten durch hydraulische {F}örderung vom Tage aus},
  author = {o.A.},
  institution = {Steinkohlebergbauverein Essen},
  year        = {1988},
  type        = {resreport},
}

@book{lexikon88,
  Author = {Walter Bischoff},
  Title = {Das Kleine Bergbaulexikon},
  Publisher = {Verlag Glückauf},
  Year = {1988},
  ISBN = {3773905017},
}

@Book{Schubert3,
  title     = {Aufbereitung fester mineralischer Rohstoffe},
  publisher = {Deutscher Verlag für Grundstoffindustrie},
 year = {1972},
 edition = {2.},
  author = {Heinrich Schubert},
}

@unpublished{ExWallner,
title = {Expertengespräch mit Hr. Wallner},
author = {Vorname Wallner},
notes = {siehe Anhang},
year = {2017},
}

@unpublished{ExAnja,
title = {Expertengespräch mit Fr. Moser},
author = {Anja Moser},
notes = {siehe Anhang},
year = {2017},
}

@unpublished{proto,
title = {Laborprotokoll},
author = {Karin Ungerer},
notes = {siehe Anhang},
year = {2017},
}

@unpublished{Rezept4,
title = {Rezept für Versatz Breitenau},
author = {o.A.},
notes = {siehe Anhang},
}

@unpublished{WerteK,
title = {chemische Analyse aller als Magnesiabinder in Frage kommenden Produkte},
author = {o.A.},
notes = {siehe Anhang},
}

@misc{NormMag1,
subtitle = {Bindemittel für Magnesiaestriche - Kaustische Magnesia und Magnesiumchlorid - Teil 1: Begriffe und Anforderungen},
title ={ÖNORM EN 14016-1},
month ={1},
year = {2004},
}

@misc{NormZem1,
title={ÖNORM EN 197-1},
subtitle = {Zement Teil 1: Zusammensetzung, Anforderungen und Konformitätskriterien von Normalzement},
month = {7},
year = {2014},
}

@misc{NormVisko,
title={ÖNORM EN 12715},
subtitle = {Ausführung von besonderen geotechnischen Arbeiten (Spezialtiefbau) - Injektionen},
month = {2},
year = {2001},
}

@BOOK{Stark2013,
	AUTHOR = {Stark, Jochen AND Wicht, Bernd},
	YEAR = {2013},
	TITLE = {Zement und Kalk - Der Baustoff als Werkstoff},
	EDITION = {},
	ISBN = {978-3-034-88382-5},
	PUBLISHER = {Springer-Verlag},
	ADDRESS = {Berlin Heidelberg New York},
	}

@article{Pump,
	author = {Egor Secrieru AND Marko Butler AND Viktor Mechtcherine},
	year = {2014},
	journal = {Bautechnik},
	pages = {797-811},
}

@Article{Wagner2009,
author="Wagner, Horst",
title="Die Rolle von Versatz im Bergbau",
journal="BHM Berg- und H{\"u}ttenm{\"a}nnische Monatshefte",
year="2009",
month="02",
day="01",
volume="154",
number="2",
pages="52--59",
issn="1613-7531",
doi="10.1007/s00501-009-0439-0",
url="https://doi.org/10.1007/s00501-009-0439-0"
}

@article{Schlacke2014,
author={Höllen,Daniel and Galler,Robert and Eisenberger,Martin and Pomberger,Roland},
year={2014},
title={Umwelttechnische Aspekte des Einsatzes von Schlacken als Versatz im Bergbau},
journal={Mining Report},
volume={150},
number={3},
pages={137-141},
}

@article{EngGeo10,
title = "A contribution to understanding the effects of curing temperature on the mechanical properties of mine cemented tailings backfill",
journal = "Engineering Geology",
volume = "114",
number = "3",
pages = "397 - 413",
year = "2010",
issn = "0013-7952",
doi = "https://doi.org/10.1016/j.enggeo.2010.05.016",
url = "http://www.sciencedirect.com/science/article/pii/S0013795210001018",
author = "M. Fall and J.C. Célestin and M. Pokharel and M. Touré",
keywords = "Cemented paste backfill, Tailings, Temperature, Strength, Mechanical properties, Deep mine"
}

@article{Tunnel08,
title = "Mix proportioning of underground cemented tailings backfill",
journal = "Tunnelling and Underground Space Technology",
volume = "23",
number = "1",
pages = "80 - 90",
year = "2008",
issn = "0886-7798",
doi = "https://doi.org/10.1016/j.tust.2006.08.005",
url = "http://www.sciencedirect.com/science/article/pii/S0886779806000964",
author = "M. Fall and M. Benzaazoua and E.G. Saa",
keywords = "Tailings, Cemented backfill, Optimization, Mine, Response surface method, Desirability, Strength"
}

@conference{Saw2011,
author = {H. Saw and S. Prentice and E. Villaescusa},
year = {2011},
month = {01},
title = {Characterisation of cemented rock fill materials for the Cosmos nickel mine, Western Australia}
}

@article{Choi2013,
title = "Lubrication layer properties during concrete pumping",
journal = "Cement and Concrete Research",
volume = "45",
pages = "69 - 78",
year = "2013",
issn = "0008-8846",
doi = "https://doi.org/10.1016/j.cemconres.2012.11.001",
url = "http://www.sciencedirect.com/science/article/pii/S0008884612002566",
author = "Myoungsung Choi and Nicolas Roussel and Youngjin Kim and Jinkeun Kim",
keywords = "Fresh concrete (A), , Modeling (E), Pumping"
}

@book{DauerBeton,

author={Stark,Jochen and Wicht,Bernd},

year={2013},

title={Dauerhaftigkeit Von Beton},

publisher={Springer Vieweg. in Springer Fachmedien Wiesbaden GmbH},

address={Berlin, Heidelberg},

edition={2;2. Aufl. 2013;},

keywords={Deterioration; Concrete; TECHNOLOGY & ENGINEERING; Civil General; Engineering; Building Materials; Carbohydrate Chemistry},

isbn={9783642352775;3642352774;},

language={German},

}

@book{Betoninstand,
author={Muhm,Norbert and Weber,Silvia},
year={2013},
title={Betoninstandsetzung : Baustoff - Schadensfeststellung - Instandsetzung},
publisher={Springer Vieweg. in Springer Fachmedien Wiesbaden GmbH},
address={Wiesbaden},
edition={2;2. Aufl. 2013;},
keywords={Maintenance and repair; Concrete construction; TECHNOLOGY & ENGINEERING; Civil General; Engineering; Building Repair and Maintenance},
isbn={9783834818423;3834818429;},
language={German},
}

@article{AussiMines,
author={Sivakugan,Nagaratnam and Veenstra,Ryan and Naguleswaran,Niroshan},
year={2015},
title={Underground Mine Backfilling in Australia Using Paste Fills and Hydraulic Fills},
journal={International Journal of Geosynthetics and Ground Engineering},
volume={1},
number={2},
pages={1-7},
isbn={2199-9260},
language={English},
}

@misc{Patrick,
  title       = {Entwicklung eines Versatzproduktes},
  author = {Patrick Maier},
  year        = {2018},
}

@book{Hoek80,
author={Hoek, Evert and Brown, Edwin},
year={1980},
title={Underground excavations in rock},
publisher={The Institution of Mining and Metallurgy},
address={London},
keywords={Grubenbau},
language={English},
}

@thesis{Krekula17,
author={Krekula, Simon},
school={Luleå University of Technology},
title={Evaluation of the rock support system subjected to dynamic loads in Kiirunavaara},
year={2017},
}

@techreport{Potvin10,
author={Yves, Potvin and Wesselo, Johan and Heal, Daniel},
institution={Australian Centre for Geomechanics, The University of Western Australia},
title={An interpretation of ground support capacity submitted to dynamic loading},
year={2010},
}

@book{Timo56,
author={Timoshenko, Stephen and Young, Donovan},
publisher={McGraw-Hill Book Company, Inc},
title={Engineering Mechanics},
year={1956},
}

@techreport{KirunaGeo,
author={Bergman, Stefan and Kübler, Lutz and Martinsson, Olof},
institution={Sveriges Geologiska Undersökning},
title={Description of regional geological and geophysical maps of northern Norrbotten county (east of the Caledonian orogen)},
year={2001},
}

@book{Brauner94,
author={Gerhard Bräuner},
publisher={A.A.Balkema},
title={Rockbursts in Coal Mines and Their Prevention},
year={1994},
}

@book{Obert67,
author={Obert, Leonard and Duvall, Wilbur},
publisher={John Wiley \& Sons, Inc.},
title={Rock Mechanics and The Design of Structures In Rock},
year={1967},
}

@book{canada96,
author={Kaiser,P. K. and MacCreath,D. R. and Tannant,D. D.},
year={1996},
title={Canadian rockburst support handbook: prepared for sponsors of the Canadian rockburst research program 1990 - 1995},
publisher={Geomechanics Research Centre},
address={Sudbury, Ontario},
language={English},
}

@book{Brady99,
author={Brady,Barry H. G. and Brown,Edwin T.},
year={1999},
title={Rock mechanics: for underground mining},
publisher={Kluwer Acad. Publ},
address={Dordrecht [u.a.]},
edition={2., reprint. with corr.},
}

@techreport{Ortlepp97,
    author    = "Ortlepp,W D and Stacey, T R",
    title     = "Testing of Tunnel Support: Dynamic Load Testing Of Rock Support Containment Systems (eg Wire Mesh)",
    institution = "Safety in Mines Research Advisory Committee",
    type     = "Final Project Report", 
    year      = "1997",
    month    = "08",
}

@book{sme11,
	title = "SME Mining Engineering Handbook (3rd Edition)",
	editor = "Darling, Peter",
	year = "2011",
	url = "https://app.knovel.com/hotlink/toc/id:kpSMEMEHE5/sme-mining-engineering/sme-mining-engineering",
	isbn = "978-0-87335-264-2",
	publisher = "Society for Mining, Metallurgy, and Exploration (SME)",
}

@manual{c1550,
title = {ASTM C1550 - 12},
year = {2012},
note = {Standard Test Method for Flexural Toughness of Fiber Reinforced Concrete (Using Centrally Loaded Round Panel)},
address = {West Conshohocken, PA},
institution = {ASTM International},
}

@Article{Kukolj2018,
author="Kukolj, Ivan
and Iravani, Armin
and Ouchterlony, Finn",
title="Using Small-scale Blast Tests and Numerical Modelling to Trace the Origin of Fines Generated in Blasting",
journal="BHM Berg- und H{\"u}ttenm{\"a}nnische Monatshefte",
year="2018",
month="10",
day="01",
volume="163",
number="10",
pages="427--436",
issn="1613-7531",
doi="10.1007/s00501-018-0778-9",
url="https://doi.org/10.1007/s00501-018-0778-9"
}

@article{Crompton18,
    author    = "Crompton, Brendan and Berghorst, Adrian and Knox, Greig",
    title     = "A new dynamic test facility for support tendons",
    journal   = "Australian Centre for Geomechanics Newsletter",
    volume  = "47",
    pages    = "13 - 15",
    year      = "2018",
    month    = "8",

}

@mastersthesis{Thyni14,
    author    = "Fredrik Thyni",
    title     = "Design of Shotcrete for Dynamic Rock Support by Static Testing",
    school    = "Luleå University of Technology",
    year      = "2014",
}

@unpublished{Erik15,
	author	= "Erik Swedberg",
	title	= "Dynamic Testing of Ground Support - A Feasibility Study",
	year	= "2015",
	month	= "09",
	note	= "internal document of LKAB",
}

@article{Masoudi18,
    author="Masoudi, R. and Sharifzadeh, M.",
    title ="Reinforcement selection for deep and high-stress tunnels at preliminary,
design stages using ground demand and support capacity approach",
    journal ="International Journal of Mining Science and Technology",
    year ="2018",
}

@inproceedings{chainlink11,
	author		= "Louchnikov, V and Brown, S and Bucher, R",
	title		= "Fast, Safe and Fully Mechanised Installation of High-Tensile Chain-Link Mesh for Underground Support",
	booktitle	= "11th Underground operator's conference",
	year		= "2011",
	month		= "03",
}

@article{Kaiser12,
author = "Kaiser,P and Cai, M",
title= "Design of rock support under rockburst condition",
year="2012",
journal="Journal of Rock Mechanics and Geotechnical Engineering",
}

@thesis{Heal10,
    author    = "Heal, Daniel",
    title     = "Observations and analysis of incidences of rockburst damage in underground mines",
    school    = "The University of western Australia",
    type     = "phd thesis",
    year      = "2010",
}

@article{durrheim06,
  title={Investigation into the risks to miners, mines, and the public associated with large seismic events in gold mining districts},
  author={Durrheim, RJ and Anderson, RL and Cichowicz, A and Ebrahim-Trollope, R and Hubert, G and Kijko, A and McGarr, A and Ortlepp, WD and Van der Merwe, N},
  journal={Department of Minerals and Energy},
  year={2006}
}

@book{Ortlepp97Fracture,
  title={Rock fracture and rockbursts: an illustrative study},
  author={Ortlepp, W D},
  year={1997},
  publisher={South African Institute of Mining and Metallurgy}
}

@article{player04,
  title={Dynamic testing of rock reinforcement using the momentum transfer concept},
  author={Player, JR and Villaescusa, E and Thompson, AG},
  journal={Ground support in mining and underground construction},
  pages={327--340},
  year={2004},
  publisher={Balkema Rotterdam}
}

@article{villa09,
  title={Ground support research at the WA School of Mines},
  author={Villaescusa, E},
  journal={International Journal of the JCRM},
  volume={5},
  number={1},
  pages={1--10},
  year={2009},
  publisher={Japanese Committee for Rock Mechanics},
}

@book{Hanly16,
title = "Shock \& Vibration Overview",
author= "Steve Hanly",
year= "2016",
month= "02",
publisher = "MIDÉ",
}

@article{human04,
  title={Testing of temporary face support systems under rockfall conditions},
  author={Human, J L and Fernandes, N},
  year ={2004},
  journal = {International Platinum Conference ‘Platinum Adding Value’}
}

@manual{metso18,
	title		= "Metso Wear Lining and Sheeting",

	organization	= "Metso Minerals (Sweden) AB",
	address	= "Terminalsgatan 2, P.O. Box 132, SE-231 22 Trelleborg, Sweden",

	year		= "2018",

	note		= "Version 1.2",
}

@inproceedings{villa13,
  title={A decade of ground support research at the WA School of Mines},
  author={Villaescusa, E and Thompson, AG and Player, JR},
  booktitle={Proceedings of the Seventh International Symposium on Ground Support in Mining and Underground Construction},
  pages={233--245},
  year={2013},
  organization={Australian Centre for Geomechanics}
}

@inproceedings{dahner12,
  title={Transition from non-seismic mine to a seismically active mine: Kiirunavaara Mine},
  author={Dahn{\'e}r, C and Malmgren, L and Bo{\v{s}}kovic, M and others},
  booktitle={ISRM International Symposium-EUROCK 2012},
  year={2012},
  organization={International Society for Rock Mechanics}
}

@unpublished{Jonson15,
	author	= "Linda Jonson",
	title	= "Typförstärkning KUJ – anvisning",
	year	= "2015",
	month	= "06",
	note	= "internal document of LKAB",
	}
	
@book{steffen07,
  title={Elektrotechnik: Grundlagen},
  author={Steffen, Horst and Bausch, Hansjürgen},
  year={2007},
  publisher={Springer-Verlag}
}

@article{potvin09,
  title={Strategies and tactics to control seismic risks in mines},
  author={Potvin, Y},
  journal={Journal of the Southern African Institute of Mining and Metallurgy},
  volume={109},
  number={3},
  pages={177--186},
  year={2009},
  publisher={The Southern African Institute of Mining and Metallurgy}
}

@article{guler01,
  title={Determine the effect of repeated dynamic loading on the performance of tunnel support systems},
  author={Güler, G and Kuijpers, JS and Wojno, L and Milev, A and Haile, A},
  year={2001}
  
}

@inproceedings{hea09,
  title={Surface support in extreme ground conditions—HEA Mesh™},
  author={Potvin, Y},
  booktitle={Proceedings of the First International Seminar on Safe and Rapid Development Mining},
  pages={111--119},
  year={2009},
  organization={Australian Centre for Geomechanics}
}

@inproceedings{Simser07,
   author={Simser, BP},
   editor={Potvin, Y},
   title={The Weakest Link - Ground Support Observations at Some Canadian Shield Hard Rock Mines},
   booktitle={Proceedings of the Fourth International Seminar on Deep and High Stress Mining},
   date={2007},
   publisher={Australian Centre for Geomechanics},
   location={Perth},
   pages={335-348},
   url={https://papers.acg.uwa.edu.au/p/711_25_Simser/}
}

@manual{minegrid,
month ="05",
organisation = "HUESKER",
title = "Geosynthetic Ingenuity in Mining",
year = "2018",
}

@unpublished{Winsa18,
	author	= "Martin Winsa",
	title	= "Requirements on Load Capacity for Support Elements – revision 4",
	year	= "2018",
	month	= "02",
	note	= "internal document of LKAB",
}

@unpublished{Biruk13,
	author	= "Biruk Woldemedhin",
	title	= "Load Capacity Analysis of Rock Support Subjected to Seismic Loading in Block 19: 935m",
	year	= "2013",
	month	= "04",
	note	= "internal document of LKAB",
}

@inproceedings{Robert19,
   author={Robert, T and Talu, S and Wang, Y},
   title={Design and testing of high capacity surface support},
   booktitle={Smart Mining: Resource for Connected World},
   date={2019},
   publisher={The Society for Mining, Metallurgy \& Exploration},
   location={Denver},
}

@chapter{thin-spray-on-liners,
	title = "8.6.3.1 Thin Spray-on Liners",
	booktitle = "SME Mining Engineering Handbook (3rd Edition)",
	editor = "Darling, Peter",
	year = "2011",
	url = "https://app.knovel.com/hotlink/khtml/id:kt008JZLPB/sme-mining-engineering/thin-spray-on-liners",
	isbn = "978-0-87335-264-2",
	publisher = "Society for Mining, Metallurgy, and Exploration (SME)",
}

@article{Guner18,
author={Guner,D. and Ozturk,H.},
year={2018},
title={Creep behaviour investigation of a thin spray-on liner},
journal={International Journal of Rock Mechanics and Mining Sciences},
volume={108},
pages={58-66},
language={English},
}

@article{stacey01,
  title={Review of membrane support mechanisms, loading mechanisms, desired membrance performance, and appropriate test methods},
  author={Stacey, TR},
  journal={Journal of the Southern African Institute of Mining and Metallurgy},
  volume={101},
  number={7},
  pages={343--351},
  year={2001},
  publisher={Sabinet}
}

@article{python,
  title={Interactively testing remote servers using the Python programming language},
  author={van Rossum, Guido and de Boer, Jelke},
  journal={CWi Quarterly},
  volume={4},
  number={4},
  pages={283--303},
  year={1991}
}

@ARTICLE{numpy, 
author={S. {van der Walt} and S. C. {Colbert} and G. {Varoquaux}}, 
journal={Computing in Science Engineering}, 
title={The NumPy Array: A Structure for Efficient Numerical Computation}, 
year={2011}, 
volume={13}, 
number={2}, 
pages={22-30}, 
keywords={data structures;high level languages;mathematics computing;numerical analysis;numerical computation;numpy array;numerical data;high level language;Python programming language;Arrays;Numerical analysis;Performance evaluation;Computational efficiency;Finite element methods;Vector quantization;Resource management;Python;NumPy;scientific programming;numerical computations;programming libraries}, 
doi={10.1109/MCSE.2011.37}, 
ISSN={1521-9615}, 
month={03},}

@Article{matplotlib,
  Author    = {Hunter, J. D.},
  Title     = {Matplotlib: A 2D graphics environment},
  Journal   = {Computing In Science \& Engineering},
  Volume    = {9},
  Number    = {3},
  Pages     = {90--95},
  abstract  = {Matplotlib is a 2D graphics package used for Python
  for application development, interactive scripting, and
  publication-quality image generation across user
  interfaces and operating systems.},
  publisher = {IEEE COMPUTER SOC},
  doi       = {10.1109/MCSE.2007.55},
  year      = 2007
}

 @manual{Tikz,
   author    = {Till Tantau},
   title     = {The TikZ and PGF Packages},
   subtitle  = {Manual for version 3.0.0},
   url       = {http://sourceforge.net/projects/pgf/},
   date      = {2013-12-20},
}

@Misc{Scipy,
  author =    {Eric Jones and Travis Oliphant and Pearu Peterson and others},
  title =     {{SciPy}: Open source scientific tools for {Python}},
  year =      {2001},
  url = "http://www.scipy.org/",
  note = {[Online; accessed 2019-04-15]}
}

@InProceedings{Pandas,
  author    = { Wes McKinney },
  title     = { Data Structures for Statistical Computing in Python },
  booktitle = { Proceedings of the 9th Python in Science Conference },
  pages     = { 51 - 56 },
  year      = { 2010 },
  editor    = { St\'efan van der Walt and Jarrod Millman }
}

@misc{adjust_text,
  author       = {Ilya Flyamer and
                  Colin and
                  Zhuyi Xue and
                  Andy Li and
                  Victor Vazquez and
                  Nader Morshed and
                  Christophe Van Neste and
                  scaine1 and
                  mski\_iksm},
  title        = {Phlya/adjustText},
  month        = {10},
  year         = {2018},
  doi          = {10.5281/zenodo.1494343},
  url          = {https://doi.org/10.5281/zenodo.1494343}
}

@misc{LKABfinance,
title = {2018 ANNUAL AND SUSTAINABILITY REPORT},
author = {LKAB},
month = {01},
year = {2018},
}

@misc{seaborn,
  author       = {Michael Waskom and
                  Olga Botvinnik and
                  Drew O'Kane and
                  Paul Hobson and
                  Saulius Lukauskas and
                  David C Gemperline and
                  Tom Augspurger and
                  Yaroslav Halchenko and
                  John B. Cole and
                  Jordi Warmenhoven and
                  Julian de Ruiter and
                  Cameron Pye and
                  Stephan Hoyer and
                  Jake Vanderplas and
                  Santi Villalba and
                  Gero Kunter and
                  Eric Quintero and
                  Pete Bachant and
                  Marcel Martin and
                  Kyle Meyer and
                  Alistair Miles and
                  Yoav Ram and
                  Tal Yarkoni and
                  Mike Lee Williams and
                  Constantine Evans and
                  Clark Fitzgerald and
                  Brian and
                  Chris Fonnesbeck and
                  Antony Lee and
                  Adel Qalieh},
  title        = {mwaskom/seaborn: v0.8.1 (September 2017)},
  month        = sep,
  year         = 2017,
  doi          = {10.5281/zenodo.883859},
  url          = {https://doi.org/10.5281/zenodo.883859}
}

@inproceedings{Raffaldi17,
   author={Raffaldi, MJ
    and Martin, LA
    and Benton, DJ
    and Sunderman, CB
    and Stepan, MA
    and Powers, MJ},
   editor={Wesseloo, J},
   title={Quasi-static and mechanical shock testing of reinforced shotcrete surface support},
   booktitle={Proceedings of the Eighth International Conference on Deep and High Stress Mining},
   date={2017},
   publisher={Australian Centre for Geomechanics},
   location={Perth},
   pages={733-746},
}

@inproceedings{boeg14,
  title={The operational and laboratory aspects of a thin spray-on liner},
  author={Boeg-Jensen, PK and Swan, G},
  booktitle={Proceedings of the Seventh International Conference on Deep and High Stress Mining},
  pages={241--251},
  year={2014},
  organization={Australian Centre for Geomechanics}
}

@inproceedings{Villa14,
   author={Villaescusa, E
    and Thompson, AG
    and Player, JR},
   editor={Potvin, Y
    and Brady, B},
   title={Dynamic testing of large scale fibrecrete panels},
   booktitle={Proceedings of the Seventh International Symposium on Ground Support in Mining and Underground Construction},
   date={2013},
   publisher={Australian Centre for Geomechanics},
   location={Perth},
   pages={197-206},
}

@inproceedings{shirzadegan16,
  title={In-situ dynamic testing of rock support at LKAB Kiirunavaara mine},
  author={Shirzadegan, Shahin and Nordlund, Erling and Zhang, Ping},
  booktitle={Ground Support 2016: 11/09/2016-14/09/2016},
  year={2016}
}

@book{Inkscape,
  title={Inkscape: guide to a vector drawing program (Digital Short Cut)},
  author={Bah, Tavmjong},
  year={2009},
  publisher={Pearson Education}
}

@article{reinhardt82,
  title={Concrete under impact loading, tensile strength and bond},
  author={Reinhardt, Hans-Wolf},
  journal={HERON, 27 (3), 1982},
  year={1982},
  publisher={Delft University of Technology}
}

@article{ali2002,
  title={Protective design of concrete buildings under blast loading},
  author={Ali, Mir M},
  journal={WIT Transactions on The Built Environment},
  volume={63},
  year={2002},
  publisher={WIT Press}
}

@article{ansell05,
  title={Recommendations for shotcrete on rock subjected to blasting vibrations, based on finite element dynamic analysis},
  author={Ansell, Anders},
  journal={Magazine of Concrete Research},
  volume={57},
  number={3},
  pages={123--133},
  year={2005},
  publisher={Thomas Telford Ltd}
}

@misc{ansell02,
  title={Finite element models for dynamic analysis of shotcrete on rock},
  author={Ansell, Anders},
  year={2002},
  publisher={KTH Byggvetenskap}
}

@article{archibald92,
  title={The evaluation of thin polyurethane surface coatings as an effective means of ground control},
  author={Archibald, JF and Mercer, RA and Lausch, P},
  journal={Rock Support in Mining and Underground Construction: Case Studies},
  pages={105--115},
  year={1992}
}

@inproceedings{archibald97,
  title={Field and laboratory support response of Mineguard spray-on polyurethane liners},
  author={Archibald, JF and Lausch, P and Espley, SJ},
  booktitle={Proceedings 13th Underground Mine Operator's Conference. Sudbury, Ontario},
  year={1997}
}

@article{strain04,
  title={Strain rate viscoelastic analysis of soft and highly hydrated biomaterials},
  author={Tirella, Annalisa and Mattei, Giorgio and Ahluwalia, ARTI},
  journal={Journal of Biomedical Materials Research Part A},
  volume={102},
  number={10},
  pages={3352--3360},
  year={2014},
  publisher={Wiley Online Library}
}

@inproceedings{komurlu17,
  title={Usability of thin spray-on liners (TSL) for akarsen underground mine in Murgul},
  author={Komurlu, E and Kesimal, A},
  booktitle={Proceedings of the 25th International Mining Congress and Exhibition of Turkey, Antalya, Turkey},
  pages={11--14},
  year={2017}
}